@article{ODS12,
    title = {The 17 Goals},
    author = {{The Global Goals}},
    howpublished = {Disponível em: \url{https://www.globalgoals.org/goals/12-responsible-consumption-and-production/}},
}


@article{Rocha2023,
    author = {Rocha, Diego Maia},
    title = {Produção, Mercado e Promoção do consumo de camarão: Por que aumenta, dia a dia, a necessidade de entendermos um pouco mais sobre o que anda acontecendo com cada um desses temas?},
    publisher = {Aquaculture Brasil},
    year = {2023},
    url = {https://www.aquaculturebrasil.com/coluna/369/producao,-mercado-e-promocao-do-consumo-de-camarao:-por-que-aumenta,-dia-a-dia,-a-necessidade-de-entendermos-um-pouco-mais-sobre-o-que-anda-acontecendo-com-cada-um-desses-temas},
}

@article{Rocha2024,
    author = {Rocha, Itamar},
    title = {Carcinicultura marinha: uma análise da produção em 2023},
    publisher = {Feed {\&} Food},
    year = {2024},
    url= {feedfood.com.br/carcinicultura-marinha-uma-analise-da-producao-em-2023},
}

@article{Ximenes2023,
    author = {Ximenes, Luciano Feijão and Vidal, Maria de Fátima},
    title = {Carcinicultura},
    publisher= {Banco do Nordeste},
    year = {2023},
    pages = {3--4}
}

@article{bertini2021,
    author = {Bertini, Giovana and Rodrigues, Maria Maschio and Izumi, Kelly Kanae and Izumi, Karyna Satomi},
    booktitle = {Manguezais, Camarões-de-Água-Doce
e Manjuba-de-Iguape: Patrimônios
Natural e Cultural do Vale do Ribeira
e Litoral Sul do Estado de São Paulo
},
    title = {Camarões-de-Água-Doce do Vale do Ribeira:
Riqueza, Importância Ecológica e Econômica},
    year = {2021},
    pages = {71--72},
    url= {www.registro.unesp.br/Home/pesquisa5012/e-book_-manguezais_camaroes_manjuba_2021v090321.pdf},
}

@article{dantas2020,
  author = 	 {Dantas, Matheus Fernandes do Nascimento},
  title = 	 {Um sistema de telemonitoramento e automação baseado em rede LoRa para criação de camarão},
  pages = 	 {16---48},
  year = 	 {2020},
  url ={http://www.repositorio.ufc.br/handle/riufc/61231},
  publisher = {Universidade Federal do Ceará - Campus de Quixadá},
  address= {Quixadá, CE},
    
}

@article{Uddin2020,
    author = {Uddin, Mohammad Salah and Fatin Istiaq, Md. and Rasadin, Mohd. and Ruhel Talukder, Md.},
    title = {Freshwater shrimp farm monitoring system for Bangladesh based on internet of things},
    journal = {Engineering Reports},
    volume = {2},
    number = {7},
    pages = {2--12},
    url = {https://doi.org/10.1002/eng2.12184},
    year = {2020},
}

@article{Zainuddin2019,
  title={Water Quality Monitoring System for Vannamae Shrimp Cultivation Based on Wireless Sensor Network In Taipa, Mappakasunggu District, Takalar},
  author={Zainuddin, Zaryanti and Idris, Riswan and Azis, Asmawaty},
  year={2019},
  booktitle={Proceedings of the First International Conference on Materials Engineering and Management - Engineering Section (ICMEMe 2018)},
  pages={89-92},
  isbn={978-94-6252-679-2},
  url={https://doi.org/10.2991/icmeme-18.2019.20},
  publisher={Atlantis Press},
}

